@article{Welch1967,
  author = {Welch, P. D.},
  title = {The use of fast Fourier transform for the estimation of power spectra},
  journal = {IEEE Trans. Audio Electroacoust.},
  year = {1967},
  volume = {15},
  pages = {70--73}
}
@book{Priestley1981,
  author = {Priestley, M. B.},
  title = {Spectral Analysis and Time Series},
  publisher = {Academic Press},
  address = {London},
  year = {1981}
}
@article{Breuer2009,
  author = {Breuer, H.-P. and Laine, E.-M. and Piilo, J.},
  title = {Measure for the Degree of Non-Markovian Behavior of Quantum Processes},
  journal = {Phys. Rev. Lett.},
  year = {2009},
  volume = {103},
  pages = {210401}
}
@misc{Uchiyama2017,
  author = {Uchiyama, Chikako and others},
  title = {Noise-assisted transport in photosynthetic complexes},
  howpublished = {arXiv:1711.01025},
  year = {2017}
}
@article{Lacroix2024,
  author = {Lacroix, T. and Lovett, B. W. and Chin, A. W.},
  title = {Noise-assisted effects in quantum systems},
  journal = {Quantum},
  volume = {8},
  pages = {1305},
  year = {2024}
}
@article{Moreira2020,
  author = {Moreira, S. V. and others},
  title = {Transport enhancement by correlated dephasing noise},
  journal = {Phys. Rev. A},
  volume = {101},
  pages = {012123},
  year = {2020}
}
@article{Gribben2022,
  author = {Gribben, D. and others},
  title = {Non-Markovian effects in quantum networks},
  journal = {Quantum},
  volume = {6},
  pages = {847},
  year = {2022}
}
@article{Hanggi1993,
  author = {H\"anggi, P. and others},
  title = {Stochastic resonance in physics},
  journal = {Z. Phys. B},
  volume = {89},
  pages = {79},
  year = {1993}
}
@article{Gammaitoni1998,
  author = {Gammaitoni, L. and H\"anggi, P. and Jung, P. and Marchesoni, F.},
  title = {Stochastic resonance},
  journal = {Rev. Mod. Phys.},
  volume = {70},
  pages = {223--287},
  year = {1998}
}
@misc{Liu2025,
  author = {Liu, Z. and others},
  title = {Linear response in coupled Duffing oscillators under colored noise},
  howpublished = {arXiv:2502.19696},
  year = {2025}
}
@article{Brugioni2005,
  author = {Brugioni, S. and others},
  title = {Coherence resonance in FitzHugh--Nagumo circuits under colored noise},
  journal = {Phys. Rev. E},
  volume = {72},
  pages = {031111},
  year = {2005}
}
@article{Duan2014,
  author = {Duan, F. and others},
  title = {Weak colored noise improves suprathreshold signal detection},
  journal = {PLoS ONE},
  volume = {9},
  number = {3},
  pages = {e91345},
  year = {2014}
}
@article{Collins1995,
  author = {Collins, J. J. and Chow, C. C. and Imhoff, T. T.},
  title = {Stochastic resonance without tuning},
  journal = {Nature},
  volume = {376},
  pages = {236--238},
  year = {1995}
}
@article{RomeroBastida2020,
  author = {Romero-Bastida, M. and L\'opez, J. M.},
  title = {Enhanced energy harvesting from colored noise in harmonic chains},
  journal = {Sci. Rep.},
  volume = {10},
  pages = {13218},
  year = {2020}
}
@article{Mondal2018,
  author = {Mondal, D. and others},
  title = {Autonomous stochastic resonance in a single damped oscillator},
  journal = {Phys. Rev. E},
  volume = {98},
  pages = {012120},
  year = {2018}
}
@misc{Ohyama2017,
  author = {Ohyama, T. and Tokura, H.},
  title = {Pseudomode mapping and memory effects},
  howpublished = {arXiv:1701.07597},
  year = {2017}
}
@misc{nobel_background_2025,
  title = {Scientific Background to the Nobel Prize in Physics 2025},
  author = {{The Nobel Committee for Physics}},
  year = {2025},
  howpublished = {The Royal Swedish Academy of Sciences},
  url = {https://www.nobelprize.org/prizes/physics/2025/}
}
@article{martinis1985_energy,
  author = {Martinis, John M. and Devoret, Michel H. and Clarke, John},
  title = {Metrologically relevant energy-level quantization in a Josephson junction},
  journal = {Phys. Rev. Lett.},
  volume = {55},
  pages = {1543--1546},
  year = {1985}
}
@article{devoret1985_mqt,
  author = {Devoret, Michel H. and Martinis, John M. and Clarke, John},
  title = {Measurements of macroscopic quantum tunneling of the phase in a Josephson junction},
  journal = {Phys. Rev. Lett.},
  volume = {55},
  pages = {1908--1911},
  year = {1985}
}
@article{blais2020_cqed,
  author = {Blais, Alexandre and Girvin, Steven M. and Oliver, William D.},
  title = {Quantum information processing and quantum optics with circuit quantum electrodynamics},
  journal = {Nat. Phys.},
  volume = {16},
  pages = {247--256},
  year = {2020}
}
@article{oconnell2010,
  author = {O'Connell, A. D. and Hofheinz, M. and others},
  title = {Quantum ground state and single-phonon control of a mechanical resonator},
  journal = {Nature},
  volume = {464},
  pages = {697--703},
  year = {2010}
}
@book{clarke_squid_book,
  title = {The SQUID Handbook},
  editor = {Clarke, John and Braginski, Alex I.},
  publisher = {Wiley-VCH},
  year = {2004}
}
@article{zurek2003_decoherence,
  author = {Zurek, Wojciech H.},
  title = {Decoherence, einselection, and the quantum origins of the classical},
  journal = {Rev. Mod. Phys.},
  volume = {75},
  pages = {715},
  year = {2003}
}
@book{joos2003,
  title = {Decoherence and the Appearance of a Classical World in Quantum Theory},
  author = {Joos, Erich and Zeh, H. Dieter and Kiefer, Claus and Giulini, Domenico and Kupsch, Joachim and Stamatescu, Ion-Olimpiu},
  publisher = {Springer},
  edition = {2},
  year = {2003}
}
@book{Breuer2002,
  author = {Breuer, H.-P. and Petruccione, F.},
  title = {The Theory of Open Quantum Systems},
  publisher = {Oxford University Press},
  year = {2002}
}
@article{Maier2019,
  author = {Maier, Christian and Brydges, Thomas and Jurcevic, Petar and Trautmann, Norbert and Hempel, Christine and Lanyon, Ben P. and Hauke, Philipp and Blatt, Rainer and Roos, Christian F.},
  title = {Environment-Assisted Quantum Transport in a 10-Qubit Network},
  journal = {Phys. Rev. Lett.},
  volume = {122},
  pages = {050501},
  year = {2019}
}
@article{Nakajima1958,
  author = {Nakajima, Sadao},
  title = {On Quantum Theory of Transport Phenomena},
  journal = {Prog. Theor. Phys.},
  volume = {20},
  pages = {948--959},
  year = {1958}
}
@article{Zwanzig1960,
  author = {Zwanzig, Robert},
  title = {Ensemble Method in the Theory of Irreversibility},
  journal = {J. Chem. Phys.},
  volume = {33},
  pages = {1338--1341},
  year = {1960}
}
@article{Uhlenbeck1930,
  author = {Uhlenbeck, G. E. and Ornstein, L. S.},
  title = {On the Theory of the Brownian Motion},
  journal = {Phys. Rev.},
  volume = {36},
  pages = {823--841},
  year = {1930}
}
@article{Plenio1998,
  author = {Plenio, M. B. and Knight, P. L.},
  title = {The quantum-jump approach to dissipative dynamics in quantum optics},
  journal = {Rev. Mod. Phys.},
  volume = {70},
  pages = {101--144},
  year = {1998}
}
@article{Schlosshauer2019,
  author = {Schlosshauer, Maximilian},
  title = {Quantum decoherence},
  journal = {Phys. Rep.},
  volume = {831},
  pages = {1--57},
  year = {2019}
}
