@article{Welch1967,
  author = {Welch, P. D.},
  title = {The use of fast Fourier transform for the estimation of power spectra},
  journal = {IEEE Trans. Audio Electroacoust.},
  year = {1967},
  volume = {15},
  pages = {70--73}
}
@book{Priestley1981,
  author = {Priestley, M. B.},
  title = {Spectral Analysis and Time Series},
  publisher = {Academic Press},
  address = {London},
  year = {1981}
}
@article{Breuer2009,
  author = {Breuer, H.-P. and Laine, E.-M. and Piilo, J.},
  title = {Measure for the Degree of Non-Markovian Behavior of Quantum Processes},
  journal = {Phys. Rev. Lett.},
  year = {2009},
  volume = {103},
  pages = {210401}
}
@misc{Uchiyama2017,
  author = {Uchiyama, Chikako and others},
  title = {Noise-assisted transport in photosynthetic complexes},
  howpublished = {arXiv:1711.01025},
  year = {2017}
}
@article{Lacroix2024,
  author = {Lacroix, T. and Lovett, B. W. and Chin, A. W.},
  title = {Noise-assisted effects in quantum systems},
  journal = {Quantum},
  volume = {8},
  pages = {1305},
  year = {2024}
}
@article{Moreira2020,
  author = {Moreira, S. V. and others},
  title = {Transport enhancement by correlated dephasing noise},
  journal = {Phys. Rev. A},
  volume = {101},
  pages = {012123},
  year = {2020}
}
@article{Gribben2022,
  author = {Gribben, D. and others},
  title = {Non-Markovian effects in quantum networks},
  journal = {Quantum},
  volume = {6},
  pages = {847},
  year = {2022}
}
@article{Hanggi1993,
  author = {H\"anggi, P. and others},
  title = {Stochastic resonance in physics},
  journal = {Z. Phys. B},
  volume = {89},
  pages = {79},
  year = {1993}
}
@article{Gammaitoni1998,
  author = {Gammaitoni, L. and H\"anggi, P. and Jung, P. and Marchesoni, F.},
  title = {Stochastic resonance},
  journal = {Rev. Mod. Phys.},
  volume = {70},
  pages = {223--287},
  year = {1998}
}
@misc{Liu2025,
  author = {Liu, Z. and others},
  title = {Linear response in coupled Duffing oscillators under colored noise},
  howpublished = {arXiv:2502.19696},
  year = {2025}
}
@article{Brugioni2005,
  author = {Brugioni, S. and others},
  title = {Coherence resonance in FitzHugh--Nagumo circuits under colored noise},
  journal = {Phys. Rev. E},
  volume = {72},
  pages = {031111},
  year = {2005}
}
@article{Duan2014,
  author = {Duan, F. and others},
  title = {Weak colored noise improves suprathreshold signal detection},
  journal = {PLoS ONE},
  volume = {9},
  number = {3},
  pages = {e91345},
  year = {2014}
}
@article{Collins1995,
  author = {Collins, J. J. and Chow, C. C. and Imhoff, T. T.},
  title = {Stochastic resonance without tuning},
  journal = {Nature},
  volume = {376},
  pages = {236--238},
  year = {1995}
}
@article{RomeroBastida2020,
  author = {Romero-Bastida, M. and L\'opez, J. M.},
  title = {Enhanced energy harvesting from colored noise in harmonic chains},
  journal = {Sci. Rep.},
  volume = {10},
  pages = {13218},
  year = {2020}
}
@article{Mondal2018,
  author = {Mondal, D. and others},
  title = {Autonomous stochastic resonance in a single damped oscillator},
  journal = {Phys. Rev. E},
  volume = {98},
  pages = {012120},
  year = {2018}
}
@misc{Ohyama2017,
  author = {Ohyama, T. and Tokura, H.},
  title = {Pseudomode mapping and memory effects},
  howpublished = {arXiv:1701.07597},
  year = {2017}
}
@book{Breuer2002,
  author = {Breuer, H.-P. and Petruccione, F.},
  title = {The Theory of Open Quantum Systems},
  publisher = {Oxford University Press},
  year = {2002}
}
